@inproceedings{wang2003can,
  title={Can shortest-path routing and TCP maximize utility},
  author={Wang, Jiantao and Li, Lun and Low, Steven H and Doyle, John C},
  booktitle={INFOCOM 2003. Twenty-Second Annual Joint Conference of the IEEE Computer and Communications. IEEE Societies},
  volume={3},
  pages={2049--2056},
  year={2003},
  organization={IEEE}
}

@INPROCEEDINGS{7524468, 
author={M. Shafiee and J. Ghaderi}, 
booktitle={IEEE INFOCOM 2016 - The 35th Annual IEEE International Conference on Computer Communications}, 
title={A simple congestion-aware algorithm for load balancing in datacenter networks}, 
year={2016}, 
pages={1-9}, 
doi={10.1109/INFOCOM.2016.7524468}, 
month={April},}

@INPROCEEDINGS{6566857, 
author={A. Fr√©chette and F. B. Shepherd and M. K. Thottan and P. J. Winzer}, 
booktitle={INFOCOM, 2013 Proceedings IEEE}, 
title={Shortest path versus multi-hub routing in networks with uncertain demand}, 
year={2013}, 
pages={710-718}, 
doi={10.1109/INFCOM.2013.6566857}, 
ISSN={0743-166X}, 
month={April},}

@article{qi2013toward,
  title={Toward a distance oracle for billion-node graphs},
  author={Qi, Zichao and Xiao, Yanghua and Shao, Bin and Wang, Haixun},
  journal={Proceedings of the VLDB Endowment},
  volume={7},
  number={1},
  pages={61--72},
  year={2013},
  publisher={VLDB Endowment}
}

@inproceedings{Cohen:2002:RDQ:545381.545503,
    author = {Cohen, Edith and Halperin, Eran and Kaplan, Haim and Zwick, Uri},
    title = {Reachability and Distance Queries via 2-hop Labels},
    booktitle = {Proceedings of the Thirteenth Annual ACM-SIAM Symposium on Discrete Algorithms},
    series = {SODA '02},
    year = {2002}
} 

@inproceedings{Wei:2010:TES:1807167.1807181,
    author = {Wei, Fang},
    title = {TEDI: Efficient Shortest Path Query Answering on Graphs},
    booktitle = {Proceedings of the 2010 ACM SIGMOD International Conference on Management of Data},
    series = {SIGMOD '10},
    year = {2010}
} 

@article{Thorup:2005:ADO:1044731.1044732,
    author = {Thorup, Mikkel and Zwick, Uri},
    title = {Approximate Distance Oracles},
    journal = {J. ACM},
		year = 2005
}

@article{Kleinberg:2000p5066,
    author = {Kleinberg, J},
    journal = {Nature},
    title = {Navigation in a small world},
    year = 2000
}

@inproceedings{Goldberg:2005:CSP:1070432.1070455,
    author = {Goldberg, Andrew V. and Harrelson, Chris},
    title = {Computing the Shortest Path: A Search Meets Graph Theory},
    booktitle = {Proceedings of the Sixteenth Annual ACM-SIAM Symposium on Discrete Algorithms},
    series = {SODA '05},
    year = {2005}
} 

@inproceedings{Potamias:2009:FSP:1645953.1646063,
    author = {Potamias, Michalis and Bonchi, Francesco and Castillo, Carlos and Gionis, Aristides},
    title = {Fast Shortest Path Distance Estimation in Large Networks},
    booktitle = {Proceedings of the 18th ACM Conference on Information and Knowledge Management},
    series = {CIKM '09},
    year = {2009}
} 

@inproceedings{Gubichev:2010:FAE:1871437.1871503,
    author = {Gubichev, Andrey and Bedathur, Srikanta and Seufert, Stephan and Weikum, Gerhard},
    title = {Fast and Accurate Estimation of Shortest Paths in Large Graphs},
    booktitle = {Proceedings of the 19th ACM International Conference on Information and Knowledge Management},
    series = {CIKM '10},
    year = {2010}
} 

@inproceedings{Zhao:2010:OSP:1863190.1863199,
    author = {Zhao, Xiaohan and Sala, Alessandra and Wilson, Christo and Zheng, Haitao and Zhao, Ben Y.},
    title = {Orion: Shortest Path Estimation for Large Social Graphs},
    booktitle = {Proceedings of the 3rd Wonference on Online Social Networks},
    series = {WOSN'10},
    year = {2010}
} 

@article{Maier:2011:INS:1993077.1993079,
    author = {Maier, Marc and Rattigan, Matthew and Jensen, David},
    title = {Indexing Network Structure with Shortest-Path Trees},
    journal = {ACM Trans. Knowl. Discov. Data},
		year = {2011}
}

@inproceedings{Jin:2012:HLA:2213836.2213887,
    author = {Jin, Ruoming and Ruan, Ning and Xiang, Yang and Lee, Victor},
    title = {A Highway-centric Labeling Approach for Answering Distance Queries on Large Sparse Graphs},
    booktitle = {Proceedings of the 2012 ACM SIGMOD International Conference on Management of Data},
    series = {SIGMOD '12},
    year = {2012}
} 

@inproceedings{Akiba:2013:FES:2463676.2465315,
    author = {Akiba, Takuya and Iwata, Yoichi and Yoshida, Yuichi},
    title = {Fast Exact Shortest-path Distance Queries on Large Networks by Pruned Landmark Labeling},
    booktitle = {Proceedings of the 2013 ACM SIGMOD International Conference on Management of Data},
    series = {SIGMOD '13},
    year = {2013}
} 

@inproceedings{tretyakov2011fast,
    title={Fast fully dynamic landmark-based estimation of shortest path distances in very large graphs},
    author={Tretyakov, K. and Armas-Cervantes, A. and Garc{\'\i}a-Ba{\~n}uelos, L. and Vilo, J. and Dumas, M.},
    booktitle={Proceedings of the 20th ACM international conference on Information and knowledge management},
    year={2011},
}

@inproceedings{Akiba:2012:SQC:2247596.2247614,
    author = {Akiba, Takuya and Sommer, Christian and Kawarabayashi, Ken-ichi},
    title = {Shortest-path Queries for Complex Networks: Exploiting Low Tree-width Outside the Core},
    booktitle = {Proceedings of the 15th International Conference on Extending Database Technology},
    series = {EDBT '12},
    year = {2012}
} 

@article{Fu:2013:IIB:2536336.2536346,
    author = {Fu, Ada Wai-Chee and Wu, Huanhuan and Cheng, James and Wong, Raymond Chi-Wing},
    title = {IS-Label: An Independent-set Based Labeling Scheme for Point-to-point Distance Querying},
    journal = {Proc. VLDB Endow.},
		year = {2013}
} 

@ARTICLE{6399472, 
    author={Miao Qiao and Hong Cheng and Lijun Chang and Yu, J.X.}, 
    journal={Knowledge and Data Engineering, IEEE Transactions on}, 
    title={Approximate Shortest Distance Computing: A Query-Dependent Local Landmark Scheme}, 
    year={2014}
}

@MISC{Leskovec08communitystructure,
    author = {Jure Leskovec and Kevin J. Lang and Anirban Dasgupta and Michael W. Mahoney},
    title = {Community structure in large networks: Natural cluster sizes and the absence of large well-defined clusters},
    year = {2008}
}

@inproceedings{Abraham:2011:HLA:2008623.2008645,
    author = {Abraham, Ittai and Delling, Daniel and Goldberg, Andrew V. and Werneck, Renato F.},
    title = {A Hub-based Labeling Algorithm for Shortest Paths in Road Networks},
    booktitle = {Proceedings of the 10th International Conference on Experimental Algorithms},
    %series = {SEA'11},
    year = {2011}
} 

@inproceedings{Tang:2003:VLI:948205.948223,
    author = {Tang, Liying and Crovella, Mark},
    title = {Virtual Landmarks for the Internet},
    booktitle = {Proceedings of the 3rd ACM SIGCOMM Conference on Internet Measurement},
    series = {IMC '03},
    year = {2003}
} 

@inproceedings{Vieira:2007:ESR:1321440.1321520,
    author = {Vieira, Monique V. and Fonseca, Bruno M. and Damazio, Rodrigo and Golgher, Paulo B. and Reis, Davi de Castro and Ribeiro-Neto, Berthier},
    title = {Efficient Search Ranking in Social Networks},
    booktitle = {Proceedings of the Sixteenth ACM Conference on Conference on Information and Knowledge Management},
    series = {CIKM '07},
    year = {2007}
} 

@inproceedings{Kempe:2003:MSI:956750.956769,
    author = {Kempe, David and Kleinberg, Jon and Tardos, \'{E}va},
    title = {Maximizing the Spread of Influence Through a Social Network},
    booktitle = {Proceedings of the Ninth ACM SIGKDD International Conference on Knowledge Discovery and Data Mining},
    series = {KDD '03},
    year = {2003}
} 

@inproceedings{Backstrom:2006:GFL:1150402.1150412,
    author = {Backstrom, Lars and Huttenlocher, Dan and Kleinberg, Jon and Lan, Xiangyang},
    title = {Group Formation in Large Social Networks: Membership, Growth, and Evolution},
    booktitle = {Proceedings of the 12th ACM SIGKDD International Conference on Knowledge Discovery and Data Mining},
    series = {KDD '06},
    year = {2006}
} 

@article{Mcauley:2014:DSC:2582178.2556612,
    author = {Mcauley, Julian and Leskovec, Jure},
    title = {Discovering Social Circles in Ego Networks},
    journal = {ACM Trans. Knowl. Discov. Data},
    year = {2014}
}

@inproceedings {180251,
	author = {Joseph E. Gonzalez and Yucheng Low and Haijie Gu and Danny Bickson and Carlos Guestrin},
	title = {PowerGraph: Distributed Graph-Parallel Computation on Natural Graphs},
	booktitle = {Presented as part of the 10th USENIX Symposium on Operating Systems Design and Implementation (OSDI 12)},
	year = {2012}
}

@misc{snapnets,
  author       = {Jure Leskovec and Andrej Krevl},
  title        = {{SNAP Datasets}: {Stanford} Large Network Dataset Collection},
  howpublished = {{http://snap.stanford.edu/data}},
  month        = jun,
  year         = 2014
}

@inproceedings{nr,
     title={The Network Data Repository with Interactive Graph Analytics and Visualization},
     author={Ryan A. Rossi and Nesreen K. Ahmed},
     booktitle={Proceedings of the Twenty-Ninth AAAI Conference on Artificial Intelligence},
     url={http://networkrepository.com},
     year={2015}
}

@INPROCEEDINGS{7004250, 
author={Christoforaki, M. and Suel, T.}, 
booktitle={Big Data (Big Data), 2014 IEEE International Conference on}, 
title={Estimating pairwise distances in large graphs}, 
year={2014}
}

@INPROCEEDINGS{6927522, 
author={Takes, F.W. and Kosters, W.A.}, 
booktitle={Web Intelligence (WI) and Intelligent Agent Technologies (IAT), 2014 IEEE/WIC/ACM International Joint Conferences on}, 
title={Adaptive Landmark Selection Strategies for Fast Shortest Path Computation in Large Real-World Graphs}, 
year={2014}
}

@inproceedings{floreskul2014memory,
  title={Memory-Efficient Fast Shortest Path Estimation in Large Social Networks},
  author={Floreskul, Volodymyr and Tretyakov, Konstantin and Dumas, Marlon},
  booktitle={Eighth International AAAI Conference on Weblogs and Social Media},
  year={2014}
}

@inproceedings{kleinberg2006complex,
  title={Complex networks and decentralized search algorithms},
  author={Kleinberg, Jon},
  booktitle={Proceedings of the International Congress of Mathematicians (ICM)},
  year={2006}
}

@article{callaway2000network,
  title={Network robustness and fragility: Percolation on random graphs},
  author={Callaway, Duncan S and Newman, Mark EJ and Strogatz, Steven H and Watts, Duncan J},
  journal={Physical review letters},
  year={2000}
}

@article{RicciEide:login14,
    author  = "Robert Ricci and Eric Eide and {The CloudLab Team}",
    title   = "Introducing {CloudLab}: Scientific Infrastructure for Advancing Cloud Architectures and Applications",
    journal = "{USENIX} {;login:}",
    year    = 2014
}

@inproceedings{Riondato:2014:FAB:2556195.2556224,
 author = {Riondato, Matteo and Kornaropoulos, Evgenios M.},
 title = {Fast Approximation of Betweenness Centrality Through Sampling},
 booktitle = {Proceedings of the 7th ACM International Conference on Web Search and Data Mining},
 %series = {WSDM '14},
 year = {2014}
} 

@book{newman2010networks,
  title={Networks: an introduction},
  author={Newman, Mark},
	publisher={OUP Oxford},
  year={2010}
}

@inproceedings{das2010sketch,
  title={A sketch-based distance oracle for web-scale graphs},
  author={Das Sarma, Atish and Gollapudi, Sreenivas and Najork, Marc and Panigrahy, Rina},
  booktitle={Proceedings of the third ACM international conference on Web search and data mining},
  year={2010}
}

@inproceedings{yang2012finding,
  title={Finding the optimal path over multi-cost graphs},
  author={Yang, Yajun and Yu, Jeffrey Xu and Gao, Hong and Li, Jianzhong},
  booktitle={Proceedings of the 21st ACM international conference on Information and knowledge management},
  year={2012}
}

@inproceedings{Yano:2013:FSR:2541167.2505724,
 author = {Yano, Yosuke and Akiba, Takuya and Iwata, Yoichi and Yoshida, Yuichi},
 title = {Fast and scalable reachability queries on graphs by pruned labeling with landmarks and paths},
 booktitle = {Proceedings of the 22nd ACM international conference on Conference on information \&\#38; knowledge management},
 series = {CIKM '13},
 year = {2013}
} 

@inproceedings{akiba2014fast,
  title={Fast Shortest-path Distance Queries on Road Networks by Pruned Highway Labeling.},
  author={Akiba, Takuya and Iwata, Yoichi and Kawarabayashi, Ken-ichi and Kawata, Yuki},
  booktitle={ALENEX},
  year={2014}
}

@inproceedings{akiba2014dynamic,
  title={Dynamic and historical shortest-path distance queries on large evolving networks by pruned landmark labeling},
  author={Akiba, Takuya and Iwata, Yoichi and Yoshida, Yuichi},
  booktitle={Proceedings of the 23rd international conference on World wide web},
  year={2014}
}

@incollection{bender2000lca,
  title={The LCA problem revisited},
  author={Bender, Michael A and Farach-Colton, Martin},
  booktitle={LATIN 2000: Theoretical Informatics},
  year={2000},
  publisher={Springer}
}
