@inproceedings{Cohen:2002:RDQ:545381.545503,
    author = {Cohen, Edith and Halperin, Eran and Kaplan, Haim and Zwick, Uri},
    title = {Reachability and Distance Queries via 2-hop Labels},
    booktitle = {Proceedings of the Thirteenth Annual ACM-SIAM Symposium on Discrete Algorithms},
    series = {SODA '02},
    year = {2002},
    isbn = {0-89871-513-X},
    location = {San Francisco, California},
    pages = {937--946},
    numpages = {10},
    url = {http://dl.acm.org/citation.cfm?id=545381.545503},
    acmid = {545503},
    publisher = {Society for Industrial and Applied Mathematics},
    address = {Philadelphia, PA, USA},
} 

@inproceedings{Wei:2010:TES:1807167.1807181,
    author = {Wei, Fang},
    title = {TEDI: Efficient Shortest Path Query Answering on Graphs},
    booktitle = {Proceedings of the 2010 ACM SIGMOD International Conference on Management of Data},
    series = {SIGMOD '10},
    year = {2010},
    isbn = {978-1-4503-0032-2},
    location = {Indianapolis, Indiana, USA},
    pages = {99--110},
    numpages = {12},
    url = {http://doi.acm.org/10.1145/1807167.1807181},
    doi = {10.1145/1807167.1807181},
    acmid = {1807181},
    publisher = {ACM},
    address = {New York, NY, USA},
    keywords = {graphs, indexing, shortest path, tree decomposition},
} 

@article{Thorup:2005:ADO:1044731.1044732,
    author = {Thorup, Mikkel and Zwick, Uri},
    title = {Approximate Distance Oracles},
    journal = {J. ACM},
    issue_date = {January 2005},
    volume = {52},
    number = {1},
    month = jan,
    year = {2005},
    issn = {0004-5411},
    pages = {1--24},
    numpages = {24},
    url = {http://doi.acm.org/10.1145/1044731.1044732},
    doi = {10.1145/1044731.1044732},
    acmid = {1044732},
    publisher = {ACM},
    address = {New York, NY, USA},
    keywords = {Approximate distance oracles, distance labelings, distance queries, distances, shortest paths, spanners},
} 

@article{Sommer:2014:SQS:2597757.2530531,
    author = {Sommer, Christian},
    title = {Shortest-path Queries in Static Networks},
    journal = {ACM Comput. Surv.},
    issue_date = {April 2014},
    volume = {46},
    number = {4},
    month = mar,
    year = {2014},
    issn = {0360-0300},
    pages = {45:1--45:31},
    articleno = {45},
    numpages = {31},
    url = {http://doi.acm.org/10.1145/2530531},
    doi = {10.1145/2530531},
    acmid = {2530531},
    publisher = {ACM},
    address = {New York, NY, USA},
    keywords = {Shortest path, distance oracle, shortest-path query},
} 

@article{Kleinberg:2000p5066,
    added-at = {2009-02-08T16:38:56.000+0100},
    author = {Kleinberg, J},
    biburl = {http://www.bibsonomy.org/bibtex/29283499330aaff4a612874100b8d5408/svsegbro},
    date-added = {2008-08-13 16:49:37 +0200},
    date-modified = {2008-08-13 16:50:31 +0200},
    interhash = {5a9722d176dfb4cba6cf8776a9d61662},
    intrahash = {9283499330aaff4a612874100b8d5408},
    journal = {Nature},
    keywords = {imported},
    pages = 845,
    rating = {0},
    read = {Yes},
    timestamp = {2009-02-08T16:38:56.000+0100},
    title = {Navigation in a small world},
    uri = {papers://B7B184F3-8CE5-4C43-B61C-B7952DE67982/Paper/p5066},
    volume = 406,
    year = 2000
}

@inproceedings{Goldberg:2005:CSP:1070432.1070455,
    author = {Goldberg, Andrew V. and Harrelson, Chris},
    title = {Computing the Shortest Path: A Search Meets Graph Theory},
    booktitle = {Proceedings of the Sixteenth Annual ACM-SIAM Symposium on Discrete Algorithms},
    series = {SODA '05},
    year = {2005},
    isbn = {0-89871-585-7},
    location = {Vancouver, British Columbia},
    pages = {156--165},
    numpages = {10},
    url = {http://dl.acm.org/citation.cfm?id=1070432.1070455},
    acmid = {1070455},
    publisher = {Society for Industrial and Applied Mathematics},
    address = {Philadelphia, PA, USA},
} 

@inproceedings{Potamias:2009:FSP:1645953.1646063,
    author = {Potamias, Michalis and Bonchi, Francesco and Castillo, Carlos and Gionis, Aristides},
    title = {Fast Shortest Path Distance Estimation in Large Networks},
    booktitle = {Proceedings of the 18th ACM Conference on Information and Knowledge Management},
    series = {CIKM '09},
    year = {2009},
    isbn = {978-1-60558-512-3},
    location = {Hong Kong, China},
    pages = {867--876},
    numpages = {10},
    url = {http://doi.acm.org/10.1145/1645953.1646063},
    doi = {10.1145/1645953.1646063},
    acmid = {1646063},
    publisher = {ACM},
    address = {New York, NY, USA},
    keywords = {graphs, landmarks methods, shortest-paths},
} 

@inproceedings{Gubichev:2010:FAE:1871437.1871503,
    author = {Gubichev, Andrey and Bedathur, Srikanta and Seufert, Stephan and Weikum, Gerhard},
    title = {Fast and Accurate Estimation of Shortest Paths in Large Graphs},
    booktitle = {Proceedings of the 19th ACM International Conference on Information and Knowledge Management},
    series = {CIKM '10},
    year = {2010},
    isbn = {978-1-4503-0099-5},
    location = {Toronto, ON, Canada},
    pages = {499--508},
    numpages = {10},
    url = {http://doi.acm.org/10.1145/1871437.1871503},
    doi = {10.1145/1871437.1871503},
    acmid = {1871503},
    publisher = {ACM},
    address = {New York, NY, USA},
    keywords = {graph databases, shortest paths, social networks},
} 

@inproceedings{Zhao:2010:OSP:1863190.1863199,
    author = {Zhao, Xiaohan and Sala, Alessandra and Wilson, Christo and Zheng, Haitao and Zhao, Ben Y.},
    title = {Orion: Shortest Path Estimation for Large Social Graphs},
    booktitle = {Proceedings of the 3rd Wonference on Online Social Networks},
    series = {WOSN'10},
    year = {2010},
    location = {Boston, MA},
    pages = {9--9},
    numpages = {1},
    url = {http://dl.acm.org/citation.cfm?id=1863190.1863199},
    acmid = {1863199},
    publisher = {USENIX Association},
    address = {Berkeley, CA, USA},
} 

@article{Maier:2011:INS:1993077.1993079,
    author = {Maier, Marc and Rattigan, Matthew and Jensen, David},
    title = {Indexing Network Structure with Shortest-Path Trees},
    journal = {ACM Trans. Knowl. Discov. Data},
    issue_date = {August 2011},
    volume = {5},
    number = {3},
    month = aug,
    year = {2011},
    issn = {1556-4681},
    pages = {15:1--15:25},
    articleno = {15},
    numpages = {25},
    url = {http://doi.acm.org/10.1145/1993077.1993079},
    doi = {10.1145/1993077.1993079},
    acmid = {1993079},
    publisher = {ACM},
    address = {New York, NY, USA},
    keywords = {Knowledge discovery in graphs, network structure index, social network analysis, weighted networks},
} 

@inproceedings{DBLP:conf/colcom/ZhaoSZZ11,
    author    = {Xiaohan Zhao and Alessandra Sala and Haitao Zheng and Ben Y. Zhao},
    title     = {Efficient shortest paths on massive social graphs},
    booktitle = {7th International Conference on Collaborative Computing: Networking,
        Applications and Worksharing, CollaborateCom 2011, Orlando, FL, USA,
        15-18 October, 2011},
    pages     = {77--86},
    year      = {2011},
    url       = {http://ieeexplore.ieee.org/xpls/abs_all.jsp?arnumber=6144791},
    timestamp = {Wed, 08 Feb 2012 20:31:10 +0100},
    biburl    = {http://dblp.uni-trier.de/rec/bib/conf/colcom/ZhaoSZZ11},
    bibsource = {dblp computer science bibliography, http://dblp.org}
}

@inproceedings{Agarwal:2012:SPL:2342549.2342559,
    author = {Agarwal, Rachit and Caesar, Matthew and Godfrey, Philip Brighten and Zhao, Ben Y.},
    title = {Shortest Paths in Less Than a Millisecond},
    booktitle = {Proceedings of the 2012 ACM Workshop on Workshop on Online Social Networks},
    series = {WOSN '12},
    year = {2012},
    isbn = {978-1-4503-1480-0},
    location = {Helsinki, Finland},
    pages = {37--42},
    numpages = {6},
    url = {http://doi.acm.org/10.1145/2342549.2342559},
    doi = {10.1145/2342549.2342559},
    acmid = {2342559},
    publisher = {ACM},
    address = {New York, NY, USA},
    keywords = {distance queries, graph databases, shortest paths, social networks},
} 

@INPROCEEDINGS{6267875, 
    author={Chhugani, J. and Satish, N. and Changkyu Kim and Sewall, J. and Dubey, P.}, 
    booktitle={Parallel Distributed Processing Symposium (IPDPS), 2012 IEEE 26th International}, 
    title={Fast and Efficient Graph Traversal Algorithm for CPUs: Maximizing Single-Node Efficiency}, 
    year={2012}, 
    month={May}, 
    pages={378-389}, 
    doi={10.1109/IPDPS.2012.43}, 
    ISSN={1530-2075},
}

@inproceedings{Jin:2012:HLA:2213836.2213887,
    author = {Jin, Ruoming and Ruan, Ning and Xiang, Yang and Lee, Victor},
    title = {A Highway-centric Labeling Approach for Answering Distance Queries on Large Sparse Graphs},
    booktitle = {Proceedings of the 2012 ACM SIGMOD International Conference on Management of Data},
    series = {SIGMOD '12},
    year = {2012},
    isbn = {978-1-4503-1247-9},
    location = {Scottsdale, Arizona, USA},
    pages = {445--456},
    numpages = {12},
    url = {http://doi.acm.org/10.1145/2213836.2213887},
    doi = {10.1145/2213836.2213887},
    acmid = {2213887},
    publisher = {ACM},
    address = {New York, NY, USA},
    keywords = {bipartite set cover, distance query, highway-centric labeling},
} 

@inproceedings{Akiba:2013:FES:2463676.2465315,
    author = {Akiba, Takuya and Iwata, Yoichi and Yoshida, Yuichi},
    title = {Fast Exact Shortest-path Distance Queries on Large Networks by Pruned Landmark Labeling},
    booktitle = {Proceedings of the 2013 ACM SIGMOD International Conference on Management of Data},
    series = {SIGMOD '13},
    year = {2013},
    isbn = {978-1-4503-2037-5},
    location = {New York, New York, USA},
    pages = {349--360},
    numpages = {12},
    url = {http://doi.acm.org/10.1145/2463676.2465315},
    doi = {10.1145/2463676.2465315},
    acmid = {2465315},
    publisher = {ACM},
    address = {New York, NY, USA},
    keywords = {graphs, query processing, shortest paths},
} 

@INPROCEEDINGS{6848229, 
    author={Xin Xu and Chul-Ho Lee and Do Young Eun}, 
    booktitle={INFOCOM, 2014 Proceedings IEEE}, 
    title={A general framework of hybrid graph sampling for complex network analysis}, 
    year={2014}, 
    month={April}, 
    pages={2795-2803}, 
    doi={10.1109/INFOCOM.2014.6848229},
}

@inproceedings{tretyakov2011fast,
    title={Fast fully dynamic landmark-based estimation of shortest path distances in very large graphs},
    author={Tretyakov, Konstantin and Armas-Cervantes, Abel and Garc{\'\i}a-Ba{\~n}uelos, Luciano and Vilo, Jaak and Dumas, Marlon},
    booktitle={Proceedings of the 20th ACM international conference on Information and knowledge management},
    pages={1785--1794},
    year={2011},
    organization={ACM}
}

@inproceedings{Akiba:2012:SQC:2247596.2247614,
    author = {Akiba, Takuya and Sommer, Christian and Kawarabayashi, Ken-ichi},
    title = {Shortest-path Queries for Complex Networks: Exploiting Low Tree-width Outside the Core},
    booktitle = {Proceedings of the 15th International Conference on Extending Database Technology},
    series = {EDBT '12},
    year = {2012},
    isbn = {978-1-4503-0790-1},
    location = {Berlin, Germany},
    pages = {144--155},
    numpages = {12},
    url = {http://doi.acm.org/10.1145/2247596.2247614},
    doi = {10.1145/2247596.2247614},
    acmid = {2247614},
    publisher = {ACM},
    address = {New York, NY, USA},
    keywords = {complex networks, graphs, query processing, shortest paths},
} 

@article{Fu:2013:IIB:2536336.2536346,
    author = {Fu, Ada Wai-Chee and Wu, Huanhuan and Cheng, James and Wong, Raymond Chi-Wing},
    title = {IS-Label: An Independent-set Based Labeling Scheme for Point-to-point Distance Querying},
    journal = {Proc. VLDB Endow.},
    issue_date = {April 2013},
    volume = {6},
    number = {6},
    month = apr,
    year = {2013},
    issn = {2150-8097},
    pages = {457--468},
    numpages = {12},
    url = {http://dx.doi.org/10.14778/2536336.2536346},
    doi = {10.14778/2536336.2536346},
    acmid = {2536346},
    publisher = {VLDB Endowment},
} 

@ARTICLE{6399472, 
    author={Miao Qiao and Hong Cheng and Lijun Chang and Yu, J.X.}, 
    journal={Knowledge and Data Engineering, IEEE Transactions on}, 
    title={Approximate Shortest Distance Computing: A Query-Dependent Local Landmark Scheme}, 
    year={2014}, 
    month={Jan}, 
    volume={26}, 
    number={1}, 
    pages={55-68}, 
    doi={10.1109/TKDE.2012.253}, 
    ISSN={1041-4347},
}

@MISC{Leskovec08communitystructure,
    author = {Jure Leskovec and Kevin J. Lang and Anirban Dasgupta and Michael W. Mahoney},
    title = {Community structure in large networks: Natural cluster sizes and the absence of large well-defined clusters},
    year = {2008}
}

@inproceedings{Abraham:2011:HLA:2008623.2008645,
    author = {Abraham, Ittai and Delling, Daniel and Goldberg, Andrew V. and Werneck, Renato F.},
    title = {A Hub-based Labeling Algorithm for Shortest Paths in Road Networks},
    booktitle = {Proceedings of the 10th International Conference on Experimental Algorithms},
    series = {SEA'11},
    year = {2011},
    isbn = {978-3-642-20661-0},
    location = {Crete, Greece},
    pages = {230--241},
    numpages = {12},
    url = {http://dl.acm.org/citation.cfm?id=2008623.2008645},
    acmid = {2008645},
    publisher = {Springer-Verlag},
    address = {Berlin, Heidelberg},
} 

@inproceedings{Tang:2003:VLI:948205.948223,
    author = {Tang, Liying and Crovella, Mark},
    title = {Virtual Landmarks for the Internet},
    booktitle = {Proceedings of the 3rd ACM SIGCOMM Conference on Internet Measurement},
    series = {IMC '03},
    year = {2003},
    isbn = {1-58113-773-7},
    location = {Miami Beach, FL, USA},
    pages = {143--152},
    numpages = {10},
    url = {http://doi.acm.org/10.1145/948205.948223},
    doi = {10.1145/948205.948223},
    acmid = {948223},
    publisher = {ACM},
    address = {New York, NY, USA},
    keywords = {network coordinates, network distance, principal component analysis},
} 

@inproceedings{Vieira:2007:ESR:1321440.1321520,
    author = {Vieira, Monique V. and Fonseca, Bruno M. and Damazio, Rodrigo and Golgher, Paulo B. and Reis, Davi de Castro and Ribeiro-Neto, Berthier},
    title = {Efficient Search Ranking in Social Networks},
    booktitle = {Proceedings of the Sixteenth ACM Conference on Conference on Information and Knowledge Management},
    series = {CIKM '07},
    year = {2007},
    isbn = {978-1-59593-803-9},
    location = {Lisbon, Portugal},
    pages = {563--572},
    numpages = {10},
    url = {http://doi.acm.org/10.1145/1321440.1321520},
    doi = {10.1145/1321440.1321520},
    acmid = {1321520},
    publisher = {ACM},
    address = {New York, NY, USA},
    keywords = {graphs, shortest path, social networks},
} 

@inproceedings{Kempe:2003:MSI:956750.956769,
    author = {Kempe, David and Kleinberg, Jon and Tardos, \'{E}va},
    title = {Maximizing the Spread of Influence Through a Social Network},
    booktitle = {Proceedings of the Ninth ACM SIGKDD International Conference on Knowledge Discovery and Data Mining},
    series = {KDD '03},
    year = {2003},
    isbn = {1-58113-737-0},
    location = {Washington, D.C.},
    pages = {137--146},
    numpages = {10},
    url = {http://doi.acm.org/10.1145/956750.956769},
    doi = {10.1145/956750.956769},
    acmid = {956769},
    publisher = {ACM},
    address = {New York, NY, USA},
    keywords = {approximation algorithms, diffusion of innovations, social networks, viral marketing},
} 

@inproceedings{Backstrom:2006:GFL:1150402.1150412,
    author = {Backstrom, Lars and Huttenlocher, Dan and Kleinberg, Jon and Lan, Xiangyang},
    title = {Group Formation in Large Social Networks: Membership, Growth, and Evolution},
    booktitle = {Proceedings of the 12th ACM SIGKDD International Conference on Knowledge Discovery and Data Mining},
    series = {KDD '06},
    year = {2006},
    isbn = {1-59593-339-5},
    location = {Philadelphia, PA, USA},
    pages = {44--54},
    numpages = {11},
    url = {http://doi.acm.org/10.1145/1150402.1150412},
    doi = {10.1145/1150402.1150412},
    acmid = {1150412},
    publisher = {ACM},
    address = {New York, NY, USA},
    keywords = {diffusion of innovations, on-line communities, social networks},
} 

@article{Mcauley:2014:DSC:2582178.2556612,
    author = {Mcauley, Julian and Leskovec, Jure},
    title = {Discovering Social Circles in Ego Networks},
    journal = {ACM Trans. Knowl. Discov. Data},
    issue_date = {February 2014},
    volume = {8},
    number = {1},
    month = feb,
    year = {2014},
    issn = {1556-4681},
    pages = {4:1--4:28},
    articleno = {4},
    numpages = {28},
    url = {http://doi.acm.org/10.1145/2556612},
    doi = {10.1145/2556612},
    acmid = {2556612},
    publisher = {ACM},
    address = {New York, NY, USA},
    keywords = {Community detection, ego networks, machine learning, social circles},
}
